<record><leader>00000cas a22000007a 4500</leader><controlfield tag="001">11872764</controlfield><controlfield tag="008">850401d18411844paudn ne      0    0eng d</controlfield><controlfield tag="009">5601</controlfield><datafield ind1=" " ind2=" " tag="010"><subfield code="a">sn 85054516 </subfield></datafield><datafield ind1=" " ind2=" " tag="040"><subfield code="a">NPH</subfield><subfield code="b">eng</subfield><subfield code="c">NPH</subfield><subfield code="d">NPY</subfield><subfield code="d">DLC</subfield><subfield code="d">DEX</subfield><subfield code="d">NPH</subfield><subfield code="d">HUL</subfield></datafield><datafield ind1="1" ind2=" " tag="029"><subfield code="a">AU@</subfield><subfield code="b">000025797916</subfield></datafield><datafield ind1=" " ind2=" " tag="042"><subfield code="a">msc</subfield></datafield><datafield ind1="0" ind2="0" tag="050"><subfield code="a">Newspaper 9590</subfield></datafield><datafield ind1="0" ind2=" " tag="130"><subfield code="a">Pittsburgh daily gazette (Pittsburgh, Pa. : 1841)</subfield></datafield><datafield ind1="0" ind2="4" tag="245"><subfield code="a">The Pittsburgh daily gazette.</subfield></datafield><datafield ind1=" " ind2=" " tag="250"><subfield code="a">[Daily ed.]</subfield></datafield><datafield ind1=" " ind2=" " tag="260"><subfield code="a">Pittsburgh, Pa. :</subfield><subfield code="b">D.N. White &amp; Co.,</subfield><subfield code="c">1841-1844.</subfield></datafield><datafield ind1=" " ind2=" " tag="300"><subfield code="a">4 v. ;</subfield><subfield code="c">56 cm.</subfield></datafield><datafield ind1=" " ind2=" " tag="310"><subfield code="a">Daily (except Sunday)</subfield></datafield><datafield ind1="0" ind2=" " tag="362"><subfield code="a">Vol. 8, no. 253 (May 21, 1841)-v. 11, no. 178 (Feb. 24, 1844).</subfield></datafield><datafield ind1=" " ind2=" " tag="752"><subfield code="a">United States</subfield><subfield code="b">Pennsylvania</subfield><subfield code="c">Allegheny</subfield><subfield code="d">Pittsburgh.</subfield></datafield><datafield ind1="0" ind2=" " tag="775"><subfield code="t">Pittsburgh gazette (Pittsburgh, Pa. : 1825 : Weekly)</subfield><subfield code="w">(DLC)sn 84026383</subfield></datafield><datafield ind1="0" ind2="0" tag="780"><subfield code="t">Daily Pittsburgh gazette (Pittsburgh, Pa. : 1833)</subfield><subfield code="w">(DLC)sn 85054517</subfield></datafield><datafield ind1="0" ind2="0" tag="785"><subfield code="t">Pittsburgh daily gazette and advertiser</subfield><subfield code="w">(DLC)sn 85054515</subfield><subfield code="w">(OCoLC)2266156</subfield></datafield></record>